@article{greenwade93,
    author  = "George D. Greenwade",
    title   = "The {C}omprehensive {T}ex {A}rchive {N}etwork ({CTAN})",
    year    = "1993",
    journal = "TUGBoat",
    volume  = "14",
    number  = "3",
    pages   = "342--351"
}

@INPROCEEDINGS{Lecun98gradient-basedlearning,
    author = {Yann Lecun and LÃ©on Bottou and Yoshua Bengio and Patrick Haffner},
    title = {Gradient-based learning applied to document recognition},
    booktitle = {Proceedings of the IEEE},
    year = {1998},
    pages = {2278--2324}
}

@article{kang2019candidate,
  title={Candidate Fusion: Integrating Language Modelling into a Sequence-to-Sequence Handwritten Word Recognition Architecture},
  author={Kang, Lei and Riba, Pau and Villegas, Mauricio and Forn{\'e}s, Alicia and Rusi{\~n}ol, Mar{\c{c}}al},
  journal={arXiv preprint arXiv:1912.10308},
  year={2019}
}
